<?xml version="1.0" encoding="UTF-8"?><collection xmlns="http://www.loc.gov/MARC21/slim"><record><leader>00325nam--2200121-i-4500</leader><controlfield tag="001">000038307</controlfield><controlfield tag="002">20161230</controlfield><controlfield tag="005">20161230201041</controlfield><controlfield tag="008">060222s1000------------r-----000-0-eng-d</controlfield><datafield ind1=" " ind2=" " tag="080"><subfield code="a">621.391(061.3):62-52(061.3)</subfield></datafield><datafield ind1=" " ind2=" " tag="245"><subfield code="a">Recent math.developments in control</subfield></datafield><datafield ind1=" " ind2=" " tag="260"><subfield code="a">London, Academic Press, 1973. Xiv + 446 P</subfield></datafield><datafield ind1=" " ind2=" " tag="852"><subfield code="a">42588</subfield></datafield></record></collection>